<?xml version="1.0" encoding="UTF-8"?><collection xmlns="http://www.loc.gov/MARC21/slim"><record><leader>00554nam--2200193-i-4500</leader><controlfield tag="001">000023380</controlfield><controlfield tag="002">20161230</controlfield><controlfield tag="005">20161230201035</controlfield><controlfield tag="008">060222s1000------------r-----000-0-fre-d</controlfield><datafield ind1=" " ind2=" " tag="040"><subfield code="a">IFIN-HH</subfield></datafield><datafield ind1=" " ind2=" " tag="041"><subfield code="a">fre</subfield></datafield><datafield ind1=" " ind2=" " tag="080"><subfield code="a">534</subfield></datafield><datafield ind1="1" ind2=" " tag="100"><subfield code="a">Fleury, P</subfield></datafield><datafield ind1="1" ind2="0" tag="245"><subfield code="a">Physique generale et experimentale d`apres le traite de j. lemoine et a. blanc. vol. 3. vibrations mecaniques. acoustique</subfield><subfield code="c">P. fleury, j.-p. mathieu</subfield></datafield><datafield ind1=" " ind2=" " tag="250"><subfield code="a">4-e Edition</subfield></datafield><datafield ind1=" " ind2=" " tag="260"><subfield code="a">Paris</subfield><subfield code="b">Eyrolles</subfield><subfield code="c">1968</subfield></datafield><datafield ind1=" " ind2=" " tag="300"><subfield code="a">356P</subfield></datafield><datafield ind1=" " ind2=" " tag="852"><subfield code="a">12729</subfield><subfield code="c">53</subfield></datafield><datafield ind1=" " ind2=" " tag="CAT"><subfield code="a">Sys</subfield><subfield code="c">20150203</subfield><subfield code="h">230207</subfield></datafield></record></collection>